% Arquivo de referências bibliográficas
% Use este arquivo para adicionar suas referências no formato BibTeX

% Referência oficial da OMS sobre lenacapavir
@techreport{oms_lenacapavir_2025,
    author = {{World Health Organization}},
    title = {Guidelines on lenacapavir for HIV prevention and testing strategies for long-acting injectable preexposure prophylaxis (PrEP)},
    institution = {World Health Organization},
    address = {Geneva},
    year = {2025},
    note = {Licence: CC BY-NC-SA 3.0 IGO}
}

% Base de dados DATASUS
@misc{datasus_tabnet,
    author = {{Ministério da Saúde}},
    title = {DATASUS - Informações de Saúde (TABNET)},
    howpublished = {\url{https://datasus.saude.gov.br/informacoes-de-saude-tabnet}},
    year = {2024},
    note = {Acessado em: 09 set. 2025}
}

% Dados demográficos IBGE Paraíba
@misc{ibge_paraiba,
    author = {{Instituto Brasileiro de Geografia e Estatística}},
    title = {Paraíba | Cidades e Estados},
    howpublished = {\url{https://www.ibge.gov.br/cidades-e-estados/pb.html}},
    year = {2024},
    note = {Acessado em: 09 set. 2025}
}

% Malhas territoriais IBGE
@misc{ibge_malhas,
    author = {{Instituto Brasileiro de Geografia e Estatística}},
    title = {Malhas Territoriais},
    howpublished = {\url{https://www.ibge.gov.br/geociencias/organizacao-do-territorio/malhas-territoriais/15774-malhas.html}},
    year = {2024},
    note = {Acessado em: 09 set. 2025}
}
% Adicione suas próprias referências seguindo os exemplos acima
% Para diferentes tipos de publicações, use:
% @article para artigos de periódicos
% @book para livros
% @inproceedings para artigos de conferências
% @misc para recursos online
% @mastersthesis para dissertações de mestrado
% @phdthesis para teses de doutorado
% @techreport para relatórios técnicos
